<record><leader>00000cas a2200000 a 4500</leader><controlfield tag="001">9008844</controlfield><controlfield tag="008">821202c19319999tnudr ne      0   a0eng d</controlfield><datafield ind1=" " ind2=" " tag="010"><subfield code="a">sn 82007953 </subfield></datafield><datafield ind1=" " ind2=" " tag="040"><subfield code="a">NSD</subfield><subfield code="b">eng</subfield><subfield code="c">NSD</subfield><subfield code="d">KNP</subfield><subfield code="d">TGN</subfield><subfield code="d">OCL</subfield><subfield code="d">OCLCQ</subfield><subfield code="d">OCLCF</subfield><subfield code="d">OCLCO</subfield></datafield><datafield ind1=" " ind2=" " tag="012"><subfield code="m">1</subfield></datafield><datafield ind1="1" ind2=" " tag="022"><subfield code="a">0745-2683</subfield><subfield code="l">0745-2683</subfield><subfield code="2">1</subfield></datafield><datafield ind1="1" ind2=" " tag="029"><subfield code="a">AU@</subfield><subfield code="b">000020536224</subfield></datafield><datafield ind1=" " ind2=" " tag="032"><subfield code="a">144640</subfield><subfield code="b">USPS</subfield></datafield><datafield ind1=" " ind2=" " tag="037"><subfield code="b">Mid-South Publishing Co., Inc., 244 N. Walnut St., Murfreesboro, Tenn., 37130</subfield></datafield><datafield ind1=" " ind2=" " tag="042"><subfield code="a">nsdp</subfield></datafield><datafield ind1=" " ind2=" " tag="043"><subfield code="a">n-us-tn</subfield></datafield><datafield ind1="0" ind2=" " tag="130"><subfield code="a">Daily news-journal (Murfreesboro, Tenn.)</subfield></datafield><datafield ind1=" " ind2="4" tag="222"><subfield code="a">The Daily news journal</subfield><subfield code="b">(Murfreesboro, Tenn.)</subfield></datafield><datafield ind1="1" ind2="4" tag="245"><subfield code="a">The daily news-journal.</subfield></datafield><datafield ind1="1" ind2="3" tag="246"><subfield code="a">Sunday news-journal</subfield></datafield><datafield ind1=" " ind2=" " tag="260"><subfield code="a">Murfreesboro, Tenn. :</subfield><subfield code="b">News-Journal Pub. Co.,</subfield><subfield code="c">1931-</subfield></datafield><datafield ind1=" " ind2=" " tag="300"><subfield code="a">v. :</subfield><subfield code="b">ill.</subfield></datafield><datafield ind1=" " ind2=" " tag="310"><subfield code="a">Daily,</subfield><subfield code="b">Nov. 1, 1982-</subfield></datafield><datafield ind1=" " ind2=" " tag="321"><subfield code="a">Daily (except Sun.), Mar. 2,</subfield><subfield code="b">1931-June 16, 1934</subfield></datafield><datafield ind1=" " ind2=" " tag="321"><subfield code="a">Daily (except Sat. &amp; Sun.),</subfield><subfield code="b">June 18-Nov. 30, 1934</subfield></datafield><datafield ind1=" " ind2=" " tag="321"><subfield code="a">Daily (except Mon. &amp; Sat.),</subfield><subfield code="b">Dec. 2, 1934-&lt;Dec. 22, 1935&gt;</subfield></datafield><datafield ind1=" " ind2=" " tag="321"><subfield code="a">Daily (except Sat. &amp; Sun.),</subfield><subfield code="b">&lt;Jan. 2, 1936&gt;-Mar. 4, 1938</subfield></datafield><datafield ind1=" " ind2=" " tag="321"><subfield code="a">Daily (except Sun.),</subfield><subfield code="b">Mar. 7, 1938-Aug. 26, 1939</subfield></datafield><datafield ind1=" " ind2=" " tag="321"><subfield code="a">Daily (except Sat.),</subfield><subfield code="b">Aug. 28, 1939-Oct. 31, 1982</subfield></datafield><datafield ind1="0" ind2=" " tag="362"><subfield code="a">Vol. 1, no. 1 (Mar. 2, 1931)-</subfield></datafield><datafield ind1=" " ind2=" " tag="500"><subfield code="a">Published Sunday edition as: Sunday news-journal, Dec. 2, 1934-&lt;Dec. 22, 1935&gt; and July 1, 1977-Sept. 27, 1987.</subfield></datafield><datafield ind1=" " ind2=" " tag="500"><subfield code="a">Publishers: News-Journal Pub. Co., 1931-1933; E.W. Carmack, 1933-1935; Tennessee Valley Pub. Co., 1935-1938; Daily News Journal Inc., 1938-1939; Murfreesboro Pub. Co., 1939; News Journal Inc., 1939-1940; Mid-South Pub. Co., 1940-</subfield></datafield><datafield ind1=" " ind2=" " tag="580"><subfield code="a">Formed by the union of: News banner (Murfreesboro, Tenn.), and: Home journal (Murfreesboro, Tenn.).</subfield></datafield><datafield ind1=" " ind2=" " tag="588"><subfield code="a">Latest issue consulted: 149th year, no. 284 (Dec. 15, 1996).</subfield></datafield><datafield ind1=" " ind2="0" tag="651"><subfield code="a">Murfreesboro (Tenn.)</subfield><subfield code="v">Newspapers.</subfield></datafield><datafield ind1=" " ind2="0" tag="651"><subfield code="a">Rutherford County (Tenn.)</subfield><subfield code="v">Newspapers.</subfield></datafield><datafield ind1=" " ind2="7" tag="655"><subfield code="a">Newspapers.</subfield><subfield code="2">fast</subfield><subfield code="0">(OCoLC)fst01423814</subfield></datafield><datafield ind1=" " ind2="7" tag="651"><subfield code="a">Tennessee</subfield><subfield code="z">Murfreesboro.</subfield><subfield code="2">fast</subfield><subfield code="0">(OCoLC)fst01202976</subfield></datafield><datafield ind1=" " ind2="7" tag="651"><subfield code="a">Tennessee</subfield><subfield code="z">Rutherford County.</subfield><subfield code="2">fast</subfield><subfield code="0">(OCoLC)fst01208169</subfield></datafield><datafield ind1=" " ind2=" " tag="752"><subfield code="a">United States</subfield><subfield code="b">Tennessee</subfield><subfield code="c">Rutherford</subfield><subfield code="d">Murfreesboro.</subfield></datafield><datafield ind1="1" ind2="4" tag="780"><subfield code="t">News banner (Murfreesboro, Tenn.)</subfield><subfield code="w">(DLC)sn 89058197</subfield></datafield><datafield ind1="1" ind2="4" tag="780"><subfield code="t">Home journal (Murfreesboro, Tenn.)</subfield><subfield code="w">(DLC)sn 89058196</subfield></datafield></record>